%% This BibTeX bibliography file was created using BibDesk.
%% http://bibdesk.sourceforge.net/

%% Created for Mac Outreach Admin at 2018-07-25 15:09:20 -0400 


%% Saved with string encoding Unicode (UTF-8) 



@article{Approx1,
	Author = {Djamal Belazzougui and Mathieu Raffinot},
	Month = {January},
	Volume = {18},
	Journal = {Journal of Discrete Algorithms},
	Pages = {14--21},
	Title = {Approximate regular expression matching with multi-strings},
	Year = {2013},
	url = {https://doi.org/10.1016/j.jda.2012.07.008}
	}
